@book{crank1975,
  author    = {John Crank},
  title     = {The Mathematics of Diffusion},
  edition   = {2},
  publisher = {Oxford University Press},
  year      = {1975}
}

@article{dehghan2002,
  author  = {Mehdi Dehghan},
  title   = {On explicit finite difference schemes for the two-dimensional diffusion equation},
  journal = {Numerical Methods for Partial Differential Equations},
  year    = {2002},
  volume  = {18},
  number  = {3},
  pages   = {No.~403--411}
}
